@article{cats,
  author    = {Jade Alglave and Luc Maranget and Michael Tautschnig},
  title     = {Herding Cats: Modelling, Simulation, Testing, and Data Mining for Weak Memory},
  journal   = {{ACM} Trans. Program. Lang. Syst.},
  volume    = {36},
  number    = {2},
  pages     = {7:1--7:74},
  year      = {2014},
  url       = {http://doi.acm.org/10.1145/2627752},
  doi       = {10.1145/2627752},
}

@article{dogs,
  author = {Daryl Stewart and David Gilday and Daniel Nevill and Thomas Roberts},
  title = {Processor Memory System Verification using DOGReL: a language for specifying End-to-End properties},
}
